@article{schonmann,
  author    = {Schonmann, Roberto H.},
  title     = {Metastability for the contact process},
  journal   = {Journal of Statistical Physics},
  volume    = {Vol. 41, Issue 3},
  year      = {1985},
}
